@misc{sec8201073:online,
author = {中野徹 | 中央大学},
title = {ナヴィエ＝ストークス方程式},
howpublished = {\url{https://www.phys.chuo-u.ac.jp/labs/nakano/hydrod/sec8(2010).pdf}},
month = {},
year = {2010},
note = {(Accessed on 01/24/2022)}
}