@misc{ASCIIjp：88:online,
author = {ASCII.jp},
title = {「Emdivi」使い多発する日本への標的型攻撃},
howpublished = {\url{https://ascii.jp/elem/000/001/019/1019316/}},
month = {6},
year = {2015},
note = {(Accessed on 12/22/2021)}
}
@misc{nenkinn,
author = {日本年金機構},
title = {不正アクセスによる情報流出事案に関する調査結果報告について},
howpublished = {\url{https://www.nenkin.go.jp/info/index.files/e7wRRjRfiKiN1.pdf}},
month = {8},
year = {2015},
note = {(Accessed on 12/22/2021)}
}
@misc{Operatio61:online,
author = {},
title = {Operation Aurora - Wikipedia},
howpublished = {\url{https://en.wikipedia.org/wiki/Operation_Aurora}},
note = {(Accessed on 12/22/2021)}
}
@misc{itmedia:online,
author = {mikko hypponen},
title = {Googleに対する標的型攻撃},
howpublished = {\url{https://www.itmedia.co.jp/enterprise/articles/1001/14/news085.html}},
month = {1},
year = {2010},
note = {(Accessed on 12/22/2021)}
}
@misc{CVECVE2083:online,
author = {NIST},
title = {CVE-2010-0249 - NATIONAL VULNERABILITY DATABASE},
howpublished = {\url{https://cve.mitre.org/cgi-bin/cvename.cgi?name=CVE-2010-0249}},
note = {(Accessed on 12/22/2021)}
}
@misc{nikkeiAurora,
author = {McAfee},
title = {「オーロラ攻撃」の詳細},
howpublished = {\url{https://xtech.nikkei.com/it/article/COLUMN/20100127/343753/}},
month = {1},
year = {2010},
note = {(Accessed on 12/22/2021)}
}
@misc{Microsoft,
author = {Microsoft},
title = {Microsoft Security Advisory 979352},
howpublished = {\url{https://docs.microsoft.com/ja-jp/security-updates/securityadvisories/2010/979352}},
month = {1},
year = {2010},
note = {(Accessed on 12/22/2021)}
}
@misc{nikkeihonda,
author = {井上英明},
title = {ホンダが工場など複数拠点でWannaCry感染、一部の生産に影響},
howpublished = {\url{https://xtech.nikkei.com/it/atcl/news/17/062101713/}},
month = {6},
year = {2017},
note = {(Accessed on 12/22/2021)}
}
@misc{JVNDB20175:online,
author = {JVN iPedia},
title = {JVNDB-2017-001842},
howpublished = {\url{https://jvndb.jvn.jp/ja/contents/2017/JVNDB-2017-001842.html}},
note = {(Accessed on 12/22/2021)}
}
@misc{eikoku:online,
author = {Shona Ghosh,原口 昇平},
title = {英国でも猛威 Windows XPでランサムウェア広まる},
howpublished = {\url{https://www.businessinsider.jp/post-33600}},
month = {3},
year = {2017},
note = {(Accessed on 12/22/2021)}
}