@misc{std02pdf3:online,
author = {同志社大学 物理化学研究室},
title = {Maxwell-Boltzmann速度分布},
howpublished = {\url{https://www1.doshisha.ac.jp/~bukka/lecture/statistic/pdftext/std-02.pdf}},
note = {(Accessed on 10/30/2021)}
}
@misc{yamasaki:online,
author = {山崎勝義|広島大学},
title = {衝突頻度と平均自由行程},
howpublished = {\url{https://home.hiroshima-u.ac.jp/kyam/pages/results/monograph/Ref14_mfp.pdf}},
note = {(Accessed on 10/30/2021)}
}

@misc{VacuumTe71:online,
author = {高木郁二|京都大学},
title = {Vacuum Technology (Takagi Ikuji)},
howpublished = {\url{http://www.nucleng.kyoto-u.ac.jp/people/ikuji/edu/vac/chap4/Jflange.html}},
note = {(Accessed on 10/31/2021)}
}
@misc{rika44:online,
author = {国立天文台},
title = {理科年表プレミアム|SI基本単位},
howpublished = {http://www.rikanenpyo.jp.kras1.lib.keio.ac.jp/member/?module=Member\&action=MS0},
note = {(Accessed on 10/31/2021)}
}
@misc{rikaAr:online,
author = {国立天文台},
title = {理科年表プレミアム|大気の成分},
howpublished = {http://www.rikanenpyo.jp.kras1.lib.keio.ac.jp/member/?module=Member\&action=MS0},
note = {(Accessed on 10/31/2021)}
}
@misc{kagaku:online,
author = {丸善出版},
title = {化学書資料館|化合物検索},
howpublished = {\url{https://www-chem-reference-com.kras1.lib.keio.ac.jp/}},
note = {(Accessed on 10/31/2021)}
}
@misc{kagakuMizu:online,
author = {丸善出版},
title = {化学書資料館|水の蒸気圧},
howpublished = {\url{https://www-chem-reference-com.kras1.lib.keio.ac.jp/}},
note = {(Accessed on 10/31/2021)}
}
@misc{kagakuNensei:online,
author = {丸善出版},
title = {化学書資料館|混合気体の標準大気圧下の粘性率},
howpublished = {\url{https://www-chem-reference-com.kras1.lib.keio.ac.jp/}},
note = {(Accessed on 10/31/2021)}
}
@misc{Japan53:online,
author = {気象庁},
title = {温室効果ガス},
howpublished = {\url{https://ds.data.jma.go.jp/ghg/info_ghg.html}},
note = {(Accessed on 10/31/2021)}
}
@misc{pump18:online,
author = {アリオス株式会社},
title = {真空ポンプの種類},
howpublished = {\url{https://www.arios.co.jp/library/p3.html}},
note = {(Accessed on 11/01/2021)}
}