@misc{vendome:online,
author = {株式会社ヴァンドームヤマダ},
title = {ヴァンドームジュエリーオンラインストア},
howpublished = {\url{https://vendome.jp/news/news_01.html}},
month = {11},
year = {2021},
note = {(Accessed on 11/30/2021)}
}
@misc{5461726F7:online,
author = {法務省},
title = {いわゆるコンピュータ・ウイルスに関する罪について},
howpublished = {\url{https://www.moj.go.jp/content/001267498.pdf}},
note = {(Accessed on 11/30/2021)}
}
@misc{IPAwagakuni:online,
author = {独立行政法人 情報処理推進機構},
title = {わが国における刑事的対応についての示唆},
howpublished = {\url{https://www.ipa.go.jp/security/fy11/report/contents/virus/report10.pdf}},
note = {(Accessed on 11/30/2021)}
}
@misc{1kaisets92:online,
author = {警視庁},
title = {不正アクセス行為の禁止等に関する法律の解説},
howpublished = {\url{https://www.npa.go.jp/cyber/legislation/pdf/1_kaisetsu.pdf}},
note = {(Accessed on 11/30/2021)}
}