@misc{my:online,
author = {総務省},
title = {マイナンバー制度とマイナンバーカード},
howpublished = {\url{https://www.soumu.go.jp/kojinbango_card/03.html}},
month = {},
year = {},
note = {(Accessed on 12/29/2021)}
}