@misc{TimingCh73,
author = {武内修|筑波大学},
title = {Timing Chart Formatter},
howpublished = {\url{https://rawgit.com/osamutake/tchart-coffee/master/bin/editor-offline.html}},
month = {04},
year = {2021},
note = {(Accessed on 10/16/2021)}
}