@misc{Cosmolog77:online,
author = {工学院大学},
title = {現代宇宙論No.4},
howpublished = {\url{http://www.ns.kogakuin.ac.jp/~ft13245/lecture/2017/Cosmology/CosmologyNo04.pdf}},
month = {},
year = {2017},
note = {(Accessed on 01/20/2022)}
}