@misc{ShellSho53:online,
author = {Alex Blewitt},
title = {ShellShockの衝撃},
howpublished = {\url{https://www.infoq.com/jp/news/2014/10/shellshock1/}},
month = {9},
year = {2014},
note = {(Accessed on 01/12/2022)}
}
@misc{sakura,
author = {さくらインターネット},
title = {あなたのサーバは大丈夫？Shellshock対策をしましょう},
howpublished = {\url{https://knowledge.sakura.ad.jp/2580/}},
month = {10},
year = {2014},
note = {(Accessed on 01/12/2022)}
}
@misc{HITACHI,
author = {HITACHI},
title = {日立製品における GNU bash の脆弱性 (CVE-2014-6271、CVE-2014-7169 他) への対応について},
howpublished = {\url{https://www.hitachi.co.jp/hirt/publications/hirt-pub14011/index.html}},
month = {1},
year = {2015},
note = {(Accessed on 01/12/2022)}
}
@misc{Redhat,
author = {Red Hat Customer Portal},
title = {CVE-2014-7169},
howpublished = {\url{https://access.redhat.com/security/cve/cve-2014-7169}},
month = {9},
year = {2014},
note = {(Accessed on 01/12/2022)}
}
@misc{IPA,
author = {情報処理推進機構},
title = {bashの脆弱性対策について},
howpublished = {\url{https://www.ipa.go.jp/security/ciadr/vul/20140926-bash.html}},
month = {10},
year = {2014},
note = {(Accessed on 01/12/2022)}
}