@article{Xraymodel,
  title={X線スペクトルモデルの有用性と限界(討論会テーマ:診断技術におけるX線スペクトルの利用,第31回計測分科会討論会(4))},
  author={前川 昌之},
  journal={計測分科会誌},
  volume={16},
  number={1},
  pages={12},
  year={2008},
  doi={10.18973/measurementjsrt.16.1_12}
}
@inbook{alma990007897430204034,
author = {Cullity,B.D.},
address = {東京},
edition = {新版},
isbn = {9784900508576},
publisher = {アグネ},
title = {X線回折要論},
year = {1980},
pages = {7}
}

@misc{XrayS,
author = {菊田惺志},
address = {東京},
isbn = {4130630350},
language = {jpn},
publisher = {東京大学出版会},
series = {物理工学実験 ; 15},
title = {X線回折・散乱技術. 上},
year = {1992},
}

