@misc{RC,
author = {Rohm},
title = {RCスナバ回路 | 電源設計の技術情報サイトのTechWeb},
howpublished = {\url{https://techweb.rohm.co.jp/knowledge/emc/s-emc/05-s-emc/8289}},
month = {},
year = {},
note = {(Accessed on 10/26/2021)}
}