@misc{floating,
author = {電気通信大学 情報基盤センター},
title = {浮動小数点数の表現と誤差 - Floating Point Number},
howpublished = {\url{http://www.edu.cc.uec.ac.jp/~ta113003/htsecure/ref/FloatingPoint.html}},
note = {(Accessed on 10/10/2021)}
}