@misc{Python,
author = {もみじあめ},
title = {画像データをフーリエ変換して周波数領域で扱ってみる},
howpublished = {\url{https://blog.amedama.jp/entry/image-fourier-transform}},
note = {(Accessed on 12/10/2021)}
}
@misc{ja64:online,
author = {田中俊一},
title = {ホログラフィー},
howpublished = {\url{https://www.jstage.jst.go.jp/article/sicejl1962/5/4/5_4_242/_pdf/-char/ja}},
year = {1962},
note = {(Accessed on 12/10/2021)}
}