@misc{rika,
author = {国立天文台},
title = {理科年表プレミアム - 基礎物理定数},
howpublished = {\url{http://www.rikanenpyo.jp.kras1.lib.keio.ac.jp/}},
note = {(Accessed on 11/15/2021)}
}
@misc{tijiki,
author = {国土地理院},
title = {地磁気を知る},
howpublished = {\url{https://www.gsi.go.jp/buturisokuchi/menu01_index.html}},
note = {(Accessed on 11/15/2021)}
}
@misc{kakujiki,
author = {国立天文台},
title = {理科年表プレミアム - 核磁気共鳴},
howpublished = {\url{http://www.rikanenpyo.jp.kras1.lib.keio.ac.jp/}},
note = {(Accessed on 11/15/2021)}
}